@article{eisermann2012fundamental,
    title={The Fundamental Theorem of Algebra Made Effective: An Elementary Real-algebraic Proof via Sturm Chains},
    author={Eisermann, Michael},
    journal={The American Mathematical Monthly},
    volume={119},
    number={9},
    pages={715--752},
    year={2012},
    publisher={JSTOR}
}
@book{koenigsberger2003analysis,
    title={Analysis 1},
    author={KÃ¶nigsberger, Konrad},
    isbn={978-3-540-40371-5},
    volume={6},
    year={2003},
    publisher={Springer Berlin Heidelberg}
}
@book{milnor1997topology,
    title={Topology from the differentiable viewpoint},
    author={Milnor, John Willard},
    year={1997},
    publisher={Princeton University Press}
}
@book{weber1895lehrbuch,
    title={Lehrbuch der Algebra},
    author={Weber, Heinrich},
    year={1895},
    publisher={Friedrich Vieweg und Sohn, Braunschweig},
    url={http://www.archive.org/details/lehrbuchderalgeb01weberich}
}
@book{yap2000fundamental,
  title={Fundamental problems of algorithmic algebra},
  author={Yap, Chee-Keng},
  year={2000},
  publisher={Oxford University Press}
}
