@book{ulbrich12,
	author    = "Ulbrich, M. and Ulbrich, S.",
	title     = "Nichtlineare Optimierung",
	publisher = "Birkhäuser",
	year      = "2012"
}
@book{geigerkanzow99,
	author    = "Geiger, C. and Kanzow, C.",
	title     = "Numerische Verfahren zur Lösung unrestringierter Optimierungsaufgaben",
	publisher = "Springer",
	year      = "1999"
}
@book{geigerkanzow02,
	author    = "Geiger, C. and Kanzow, C.",
	title     = "Theorie und Numerik Restringierter Optimierungsaufgaben",
	publisher = "Springer",
	year      = "2002"
}
@book{hanke02,
	author    = "Hanke-Bourgeois, M",
	title     = "Grundlagen der Numerischen Mathematik und des Wissenschaftlichen Rechnens",
	publisher = "Teubner",
	year      = "2002"
}
