@book{reedsimon80,
    author    = "Reed, Michael and Simon, Barry",
    title     = "Methods of Modern Mathematical Physics: Functional Analysis, Volume 1",
    publisher = "Academic Press",
    year      = "1981"
}
@book{walter94,
    author    = "Walter, Wolfgang",
    title     = "Einf√ºhrung in die Theorie der Distributionen",
    publisher = "Spektrum Akademischer Verlag",
    year      = "1994"
}
