@article{rudin1992nonlinear,
  title={Nonlinear total variation based noise removal algorithms},
  author={Rudin, Leonid I and Osher, Stanley and Fatemi, Emad},
  journal={Physica D: Nonlinear Phenomena},
  volume={60},
  pages={259--268},
  year={1992},
  publisher={Elsevier}
}
@article{nikolova2004variational,
  title={A variational approach to remove outliers and impulse noise},
  author={Nikolova, Mila},
  journal={Journal of Mathematical Imaging and Vision},
  volume={20},
  pages={99--120},
  year={2004},
  publisher={Springer}
}
@article{rudin1994total,
  title={Total variation based image restoration with free local constraints},
  author={Rudin, Leonid I and Osher, Stanley},
  booktitle={Image Processing, 1994. Proceedings. ICIP-94., IEEE International Conference},
  volume={1},
  pages={31--35},
  year={1994},
  organization={IEEE}
}
@book{chan2005image,
  title={Image processing and analysis: variational, PDE, wavelet, and stochastic methods},
  author={Chan, Tony F and Shen, Jianhong Jackie},
  year={2005},
  publisher={Siam}
}
@article{criminisi2004region,
  title={Region filling and object removal by exemplar-based image inpainting},
  author={Criminisi, Antonio and P{\'e}rez, Patrick and Toyama, Kentaro},
  journal={IEEE Transactions on image processing},
  volume={13},
  number={9},
  pages={1200--1212},
  year={2004},
  publisher={IEEE}
}
@book{love1920treatise,
  title={A treatise on the mathematical theory of elasticity},
  author={Love, Augustus Edward Hough},
  edition={third},
  year={1920},
  publisher={Cambridge University Press}
}
@book{antman2005problems,
  title={Nonlinear Problems of Elasticity},
  author={Antman, Stuart S},
  edition={second},
  year={2005},
  publisher={Springer}
}
@article{birkhoff1965nonlinear,
  title={Nonlinear interpolation by splines, pseudosplines and elastica},
  author={Birkhoff, G and Burchard, H and Thomas, D},
  journal={General Motors Research Laboratories}
  year={1965},
  publisher={Research Laboratories, General Motors Corporation}
}

